<record><leader>00000cas a22000007a 4500</leader><controlfield tag="001">12070692</controlfield><controlfield tag="008">850523d19511951wiuwr ne      0    0eng d</controlfield><datafield ind1=" " ind2=" " tag="010"><subfield code="a">sn 85040629 </subfield></datafield><datafield ind1=" " ind2=" " tag="040"><subfield code="a">NPV</subfield><subfield code="b">eng</subfield><subfield code="c">NPV</subfield><subfield code="d">OCLCQ</subfield></datafield><datafield ind1=" " ind2=" " tag="042"><subfield code="a">msc</subfield></datafield><datafield ind1="0" ind2="4" tag="245"><subfield code="a">The Journal of Burnett County and the times.</subfield></datafield><datafield ind1="1" ind2="7" tag="246"><subfield code="a">Journal of Burnett County</subfield></datafield><datafield ind1=" " ind2=" " tag="260"><subfield code="a">Grantsburg, Wis. :</subfield><subfield code="b">Journal Pub.,</subfield><subfield code="c">1951.</subfield></datafield><datafield ind1=" " ind2=" " tag="300"><subfield code="a">1 v. :</subfield><subfield code="b">ill.</subfield></datafield><datafield ind1=" " ind2=" " tag="310"><subfield code="a">Weekly</subfield></datafield><datafield ind1="0" ind2=" " tag="362"><subfield code="a">Vol. 57, no. 1 (Aug. 16, 1951)-v. 57, no. 4, (Sept. 6, 1951) = whole no. 5605-whole no. 5608.</subfield></datafield><datafield ind1=" " ind2=" " tag="752"><subfield code="a">United States</subfield><subfield code="b">Wisconsin</subfield><subfield code="c">Burnett</subfield><subfield code="d">Grantsburg.</subfield></datafield><datafield ind1="0" ind2="4" tag="780"><subfield code="t">Journal of Burnett County (Grantsburg, Wis. : 1929)</subfield><subfield code="w">(DLC)sn 85040628</subfield></datafield><datafield ind1="0" ind2="4" tag="780"><subfield code="t">Times (Grantsburg, Wis.)</subfield></datafield><datafield ind1="0" ind2="7" tag="785"><subfield code="t">Burnett County enterprise</subfield><subfield code="w">(DLC)sn 85040776</subfield></datafield><datafield ind1="0" ind2="7" tag="785"><subfield code="t">Journal of Burnett County and the times and Burnett County enterprise</subfield><subfield code="w">(DLC)sn 85040630</subfield></datafield></record>